@article{overview,
  title={Textiles in soft robots: Current progress and future trends},
  author={Fu, Chiyu and Xia, Zhigang and Hurren, Christopher and Nilghaz, Azadeh and Wang, Xungai},
  journal={Biosensors and Bioelectronics},
  volume={196},
  pages={113690},
  year={2022},
  publisher={Elsevier}
}

@article{fingerlike,
  title={Automatic design of fiber-reinforced soft actuators for trajectory matching},
  author={Connolly, Fionnuala and Walsh, Conor J and Bertoldi, Katia},
  journal={Proceedings of the National Academy of Sciences},
  volume={114},
  number={1},
  pages={51--56},
  year={2017},
  publisher={National Acad Sciences}
}

@article{stress_constraint_layer,
  title={Design, fabrication and control of soft robots},
  author={Rus, Daniela and Tolley, Michael T},
  journal={Nature},
  volume={521},
  number={7553},
  pages={467--475},
  year={2015},
  publisher={Nature Publishing Group UK London}
}

@article{mechanical_programing,
  title={Mechanical programming of soft actuators by varying fiber angle},
  author={Connolly, Fionnuala and Polygerinos, Panagiotis and Walsh, Conor J and Bertoldi, Katia},
  journal={Soft Robotics},
  volume={2},
  number={1},
  pages={26--32},
  year={2015},
  publisher={Mary Ann Liebert, Inc. 140 Huguenot Street, 3rd Floor New Rochelle, NY 10801 USA}
}